   
    
@book{Sommerville2010,
author = {Sommerville, Ian},
title = {Software Engineering},
year = {2010},
isbn = {0137035152},
publisher = {Addison-Wesley Publishing Company},
address = {USA},
edition = {9th},
}


@inproceedings{Narayan2012,
author = {Ramasubbu, Narayan and Balan, Rajesh Krishna},
title = {Overcoming the Challenges in Cost Estimation for Distributed Software Projects},
year = {2012},
isbn = {9781467310673},
publisher = {IEEE Press},
booktitle = {Proceedings of the 34th International Conference on Software Engineering},
pages = {91–101},
numpages = {11},
location = {Zurich, Switzerland},
series = {ICSE '12}
}


@article{Robbes2015,
author = {Robbes, Romain Pierre Julien and Röthlisberger, D and Tanter, É},
issn = {1382-3256},
journal = {Empirical Software Engineering},
keywords = {Data extensions},
language = {eng},
number = {3},
volume = {20},
publisher = {Kluwer Academic Publishers},
title = {Object-oriented software extensions in practice},
year = {2015},
}

@article{Duda1972,
author = {Duda, Richard O. and Hart, Peter E.},
title = {Use of the Hough transformation to detect lines and curves in pictures},
year = {1972},
issue_date = {Jan. 1972},
publisher = {Association for Computing Machinery},
address = {New York, NY, USA},
volume = {15},
number = {1},
issn = {0001-0782},
url = {https://doi.org/10.1145/361237.361242},
doi = {10.1145/361237.361242},
journal = {Commun. ACM},
month = {jan},
pages = {11–15},
numpages = {5},
keywords = {Hough transformation, colinear points, curve detection, line detection, pattern recognition, picture processing, point-line transformation}
}

@INPROCEEDINGS{viola2001,
  author={Viola, P. and Jones, M.},
  booktitle={Proceedings of the 2001 IEEE Computer Society Conference on Computer Vision and Pattern Recognition. CVPR 2001}, 
  title={Rapid object detection using a boosted cascade of simple features}, 
  year={2001},
  volume={1},
  number={},
  pages={I-I},
  keywords={Object detection;Face detection;Pixel;Detectors;Filters;Machine learning;Image representation;Focusing;Skin;Robustness},
  doi={10.1109/CVPR.2001.990517}}


@misc{kinaSUR,
    author = {{Ministry for Primary Industries}},
    title = {{Kina sea urchin regions in NZ}},
    howpublished = {\url{http://fs.fish.govt.nz/Page.aspx?pk=7\&sc=SUR}},
    note = {Online; accessed 29 January 2014} 
}

@misc{hough,
    author = {{Unknown}},
    title = {{Straight line Hough transform}},
    howpublished = {\url{https://scikit-image.org/docs/stable/auto_examples/edges/plot_line_hough_transform.html}},
    note = {Online; accessed 23 March 2024}
}

@misc{redmon2018yolov3,
      title={YOLOv3: An Incremental Improvement}, 
      author={Joseph Redmon and Ali Farhadi},
      year={2018},
      eprint={1804.02767},
      archivePrefix={arXiv},
      primaryClass={cs.CV}
}

@misc{he2015deep,
      title={Deep Residual Learning for Image Recognition}, 
      author={Kaiming He and Xiangyu Zhang and Shaoqing Ren and Jian Sun},
      year={2015},
      eprint={1512.03385},
      archivePrefix={arXiv},
      primaryClass={cs.CV}
}

@misc{howard2017mobilenets,
      title={MobileNets: Efficient Convolutional Neural Networks for Mobile Vision Applications}, 
      author={Andrew G. Howard and Menglong Zhu and Bo Chen and Dmitry Kalenichenko and Weijun Wang and Tobias Weyand and Marco Andreetto and Hartwig Adam},
      year={2017},
      eprint={1704.04861},
      archivePrefix={arXiv},
      primaryClass={cs.CV}
}

@mastersthesis{mastersthesis1993,
  author       = {Peter Harwood}, 
  title        = {The title of the work},
  school       = {The school of the thesis},
  year         = 1993,
  address      = {The address of the publisher},
  month        = 7,
  note         = {An optional note}
}

@phdthesis{phdthesis1993,
  author       = {Peter Joslin}, 
  title        = {The title of the work},
  school       = {The school of the thesis},
  year         = 1993,
  address      = {The address of the publisher},
  month        = 7,
  note         = {An optional note}
}

