@book{Sommerville2010,
author = {Sommerville, Ian},
title = {Software Engineering},
year = {2010},
isbn = {0137035152},
publisher = {Addison-Wesley Publishing Company},
address = {USA},
edition = {9th},
}

@Inbook{Blaschek1994,
author="Blaschek, G{\"u}nther",
title="Principles of Object-Oriented Programming",
bookTitle="Object-Oriented Programming: with Prototypes",
year="1994",
publisher="Springer Berlin Heidelberg",
address="Berlin, Heidelberg",
pages="9--90",
doi="10.1007/978-3-642-78077-6_2",
url="https://doi.org/10.1007/978-3-642-78077-6_2"
}

@inproceedings{Narayan2012,
author = {Ramasubbu, Narayan and Balan, Rajesh Krishna},
title = {Overcoming the Challenges in Cost Estimation for Distributed Software Projects},
year = {2012},
isbn = {9781467310673},
publisher = {IEEE Press},
booktitle = {Proceedings of the 34th International Conference on Software Engineering},
pages = {91–101},
numpages = {11},
location = {Zurich, Switzerland},
series = {ICSE '12}
}


@article{Robbes2015,
author = {Robbes, Romain Pierre Julien and Röthlisberger, D and Tanter, É},
issn = {1382-3256},
journal = {Empirical Software Engineering},
keywords = {Data extensions},
language = {eng},
number = {3},
volume = {20},
publisher = {Kluwer Academic Publishers},
title = {Object-oriented software extensions in practice},
year = {2015},
}

@article{Duda1972,
author = {Duda, Richard O. and Hart, Peter E.},
title = {Use of the Hough transformation to detect lines and curves in pictures},
year = {1972},
issue_date = {Jan. 1972},
publisher = {Association for Computing Machinery},
address = {New York, NY, USA},
volume = {15},
number = {1},
issn = {0001-0782},
url = {https://doi.org/10.1145/361237.361242},
doi = {10.1145/361237.361242},
journal = {Commun. ACM},
month = {jan},
pages = {11–15},
numpages = {5},
keywords = {Hough transformation, colinear points, curve detection, line detection, pattern recognition, picture processing, point-line transformation}
}

@Article{app11094164,
AUTHOR = {Mujahid, Abdullah and Awan, Mazhar Javed and Yasin, Awais and Mohammed, Mazin Abed and Damaševičius, Robertas and Maskeliūnas, Rytis and Abdulkareem, Karrar Hameed},
TITLE = {Real-Time Hand Gesture Recognition Based on Deep Learning YOLOv3 Model},
JOURNAL = {Applied Sciences},
VOLUME = {11},
YEAR = {2021},
NUMBER = {9},
ARTICLE-NUMBER = {4164},
URL = {https://www.mdpi.com/2076-3417/11/9/4164},
ISSN = {2076-3417},
DOI = {10.3390/app11094164}
}

@article{deng2012mnist,
  title={The mnist database of handwritten digit images for machine learning research},
  author={Deng, Li},
  journal={IEEE Signal Processing Magazine},
  volume={29},
  number={6},
  pages={141--142},
  year={2012},
  publisher={IEEE}
}

@article{wang2021,
author = {Wang, Fei and Hu, Ronglin and Jin, Ying},
year = {2021},
month = {06},
pages = {140-145},
title = {Research on gesture image recognition method based on transfer learning},
volume = {187},
journal = {Procedia Computer Science},
doi = {10.1016/j.procs.2021.04.044}
}

@Article{jimaging9120262,
AUTHOR = {Villa-Monedero, María and Gil-Martín, Manuel and Sáez-Trigueros, Daniel and Pomirski, Andrzej and San-Segundo, Rubén},
TITLE = {Sign Language Dataset for Automatic Motion Generation},
JOURNAL = {Journal of Imaging},
VOLUME = {9},
YEAR = {2023},
NUMBER = {12},
ARTICLE-NUMBER = {262},
URL = {https://www.mdpi.com/2313-433X/9/12/262},
PubMedID = {38132680},
ISSN = {2313-433X},
DOI = {10.3390/jimaging9120262}
}

@article{opencv_library,
    author = {Bradski, G.},
    citeulike-article-id = {2236121},
    journal = {Dr. Dobb's Journal of Software Tools},
    keywords = {bibtex-import},
    posted-at = {2008-01-15 19:21:54},
    priority = {4},
    title = {{The OpenCV Library}},
    year = {2000}
}

@INPROCEEDINGS{viola2001,
  author={Viola, P. and Jones, M.},
  booktitle={Proceedings of the 2001 IEEE Computer Society Conference on Computer Vision and Pattern Recognition. CVPR 2001}, 
  title={Rapid object detection using a boosted cascade of simple features}, 
  year={2001},
  volume={1},
  number={},
  pages={I-I},
  keywords={Object detection;Face detection;Pixel;Detectors;Filters;Machine learning;Image representation;Focusing;Skin;Robustness},
  doi={10.1109/CVPR.2001.990517}
}

@inproceedings{deng2009imagenet,
  title={Imagenet: A large-scale hierarchical image database},
  author={Deng, Jia and Dong, Wei and Socher, Richard and Li, Li-Jia and Li, Kai and Fei-Fei, Li},
  booktitle={2009 IEEE conference on computer vision and pattern recognition},
  pages={248--255},
  year={2009},
  organization={Ieee}
}

@inproceedings{kopf:22025:sign-lang:lrec,
  author    = {Kopf, Maria and Schulder, Marc and Hanke, Thomas},
  title     = {The {Sign} {Language} {Dataset} {Compendium}: Creating an Overview of Digital Linguistic Resources},
  pages     = {102--109},
  editor    = {Efthimiou, Eleni and Fotinea, Stavroula-Evita and Hanke, Thomas and Hochgesang, Julie A. and Kristoffersen, Jette and Mesch, Johanna and Schulder, Marc},
  booktitle = {Proceedings of the {LREC2022} 10th Workshop on the Representation and Processing of Sign Languages: Multilingual Sign Language Resources},
  publisher = {European Language Resources Association (ELRA)},
  address   = {Marseille, France},
  year      = {2022},
  isbn      = {979-10-95546-86-3},
  url       = {https://www.sign-lang.uni-hamburg.de/lrec/pub/22025.pdf}
}

@INPROCEEDINGS{john2016,
  author={John, Vijay and Boyali, Ali and Mita, Seiichi and Imanishi, Masayuki and Sanma, Norio},
  booktitle={2016 International Conference on Digital Image Computing: Techniques and Applications (DICTA)}, 
  title={Deep Learning-Based Fast Hand Gesture Recognition Using Representative Frames}, 
  year={2016},
  volume={},
  number={},
  pages={1-8},
  keywords={Video sequences;Gesture recognition;Machine learning;Neural networks;Feature extraction;Prediction algorithms;Semantics},
  doi={10.1109/DICTA.2016.7797030}
}

@InProceedings{ssd,
author="Liu, Wei
and Anguelov, Dragomir
and Erhan, Dumitru
and Szegedy, Christian
and Reed, Scott
and Fu, Cheng-Yang
and Berg, Alexander C.",
editor="Leibe, Bastian
and Matas, Jiri
and Sebe, Nicu
and Welling, Max",
title="SSD: Single Shot MultiBox Detector",
booktitle="Computer Vision -- ECCV 2016",
year="2016",
publisher="Springer International Publishing",
address="Cham",
pages="21--37",
doi={10.1007/978-3-319-46448-0_2}
}

@misc{kinaSUR,
    author = {{Ministry for Primary Industries}},
    title = {{Kina sea urchin regions in NZ}},
    howpublished = {\url{http://fs.fish.govt.nz/Page.aspx?pk=7\&sc=SUR}},
    note = {Online; accessed 29 January 2014} 
}

@misc{hough,
    author = {{Unknown}},
    title = {{Straight line Hough transform}},
    howpublished = {\url{https://scikit-image.org/docs/stable/auto_examples/edges/plot_line_hough_transform.html}},
    note = {Online; accessed 23 March 2024}
}

@misc{redmon2018yolov3,
      title={YOLOv3: An Incremental Improvement}, 
      author={Joseph Redmon and Ali Farhadi},
      year={2018},
      eprint={1804.02767},
      archivePrefix={arXiv},
      primaryClass={cs.CV}
}

@misc{he2015deep,
      title={Deep Residual Learning for Image Recognition}, 
      author={Kaiming He and Xiangyu Zhang and Shaoqing Ren and Jian Sun},
      year={2015},
      eprint={1512.03385},
      archivePrefix={arXiv},
      primaryClass={cs.CV}
}

@misc{howard2017mobilenets,
      title={MobileNets: Efficient Convolutional Neural Networks for Mobile Vision Applications}, 
      author={Andrew G. Howard and Menglong Zhu and Bo Chen and Dmitry Kalenichenko and Weijun Wang and Tobias Weyand and Marco Andreetto and Hartwig Adam},
      year={2017},
      eprint={1704.04861},
      archivePrefix={arXiv},
      primaryClass={cs.CV}
}

@misc{tensorflow2015-whitepaper,
title={ {TensorFlow}: Large-Scale Machine Learning on Heterogeneous Systems},
url={https://www.tensorflow.org/},
note={Software available from tensorflow.org},
author={
    Mart\'{i}n~Abadi and
    Ashish~Agarwal and
    Paul~Barham and
    Eugene~Brevdo and
    Zhifeng~Chen and
    Craig~Citro and
    Greg~S.~Corrado and
    Andy~Davis and
    Jeffrey~Dean and
    Matthieu~Devin and
    Sanjay~Ghemawat and
    Ian~Goodfellow and
    Andrew~Harp and
    Geoffrey~Irving and
    Michael~Isard and
    Yangqing Jia and
    Rafal~Jozefowicz and
    Lukasz~Kaiser and
    Manjunath~Kudlur and
    Josh~Levenberg and
    Dandelion~Man\'{e} and
    Rajat~Monga and
    Sherry~Moore and
    Derek~Murray and
    Chris~Olah and
    Mike~Schuster and
    Jonathon~Shlens and
    Benoit~Steiner and
    Ilya~Sutskever and
    Kunal~Talwar and
    Paul~Tucker and
    Vincent~Vanhoucke and
    Vijay~Vasudevan and
    Fernanda~Vi\'{e}gas and
    Oriol~Vinyals and
    Pete~Warden and
    Martin~Wattenberg and
    Martin~Wicke and
    Yuan~Yu and
    Xiaoqiang~Zheng},
  year={2015},
}

@mastersthesis{mastersthesis1993,
  author       = {Peter Harwood}, 
  title        = {The title of the work},
  school       = {The school of the thesis},
  year         = 1993,
  address      = {The address of the publisher},
  month        = 7,
  note         = {An optional note}
}

@phdthesis{phdthesis1993,
  author       = {Peter Joslin}, 
  title        = {The title of the work},
  school       = {The school of the thesis},
  year         = 1993,
  address      = {The address of the publisher},
  month        = 7,
  note         = {An optional note}
}

@misc{QtPage,
    title = {Qt},
    author = {Qt Group},
    year = {1995},
    howpublished = {\url{https://www.qt.io/}},
}

@misc{win32api,
    title = {Win32api},
    author = {Microsoft},
    howpublished = {\url{https://learn.microsoft.com/en-us/windows/win32/api/}},
}

@misc{jsonlib,
    title = {Json library},
    author = {Python Software Fundation},
    howpublished = {\url{https://docs.python.org/3/library/json.html}},
}

@misc{pyaudio,
    title = {Pyaudio module},
    author = {Massachusetts Institute of Technology},
    howpublished = {\url{https://people.csail.mit.edu/hubert/pyaudio/}},
}

@misc{lucidchart,
    title = {Lucidchart},
    author = {Lucid},
    howpublished = {\url{https://www.lucidchart.com}},
}

@misc{facade,
    title = {Facade},
    author = {Refactoring Guru},
    howpublished = {\url{https://refactoring.guru/design-patterns/facade}},
}

@misc{qtSignal,
    title = {QTSignal},
    author = {Qt Group},
    howpublished = {\url{https://www.tutorialspoint.com/pyqt/pyqt_signals_and_slots.htm}},
}

@misc{composite,
    title = {Composite},
    author = {Refactoring Guru},
    howpublished = {\url{https://refactoring.guru/design-patterns/composite}},
}

@misc{mediator,
    title = {Mediator},
    author = {Refactoring Guru},
    howpublished = {\url{https://refactoring.guru/design-patterns/mediator}},
}

@misc{observer,
    title = {Observer},
    author = {Refactoring Guru},
    howpublished = {\url{https://refactoring.guru/design-patterns/observer}},
}

@misc{modelGarden,
    title = {Model Garden},
    author = {Tensorflow},
    howpublished = {\url{https://www.tensorflow.org/tfmodels}},
}

@misc{coco,
      title={Microsoft COCO: Common Objects in Context}, 
      author={Tsung-Yi Lin and Michael Maire and Serge Belongie and Lubomir Bourdev and Ross Girshick and James Hays and Pietro Perona and Deva Ramanan and C. Lawrence Zitnick and Piotr Dollár},
      year={2015},
      eprint={1405.0312},
      archivePrefix={arXiv},
      primaryClass={cs.CV}
}

@misc{labelImg,
    title = {LabelImg},
    author = {Tzutalin},
    howpublished = {\url{https://github.com/HumanSignal/labelImg}},
}

@misc{tfRecords,
    title = {TFRecords},
    author = {Tensorflow},
    howpublished = {\url{https://tensorflow-object-detection-api-tutorial.readthedocs.io/en/latest/training.html#create-tensorflow-records}},
}

@misc{trainingScript,
    title = {Training Script},
    author = {Tensorflow},
    howpublished = {\url{https://tensorflow-object-detection-api-tutorial.readthedocs.io/en/latest/training.html#training-the-model}},
}

@misc{exportScript,
    title = {Export Script},
    author = {Tensorflow},
    howpublished = {\url{https://tensorflow-object-detection-api-tutorial.readthedocs.io/en/latest/training.html#exporting-a-trained-model}},
}

@misc{wave,
    title = {Wave Module},
    author = {Pyhton},
    howpublished = {\url{https://docs.python.org/3/library/wave.html}},
}